@book{cc:dragon_book,
  title={Compilers, Principles, Techniques},
  author={Aho, Alfred V and Sethi, Ravi and Ullman, Jeffrey D},
  year={1986},
  publisher={Addison wesley}
}

@article{cc:status:extinct_bison,
 author = {Aycock, John},
 title = {Why Bison is Becoming Extinct},
 journal = {Crossroads},
 issue_date = {August 2001 - Late Summer Edition},
 volume = {7},
 number = {5},
 month = jul,
 year = {2001},
 issn = {1528-4972},
 pages = {3--3},
 numpages = {1},
 url = {http://doi.acm.org/10.1145/969637.969640},
 doi = {10.1145/969637.969640},
 acmid = {969640},
 publisher = {ACM},
 address = {New York, NY, USA},
} 

@article{cc:parsec,
  title={Parsec: Direct style monadic parser combinators for the real world},
  author={Leijen, Daan and Meijer, Erik},
  year={2002}
}

@article{cc:antlr,
  title={ANTLR: A predicated-LL (k) parser generator},
  author={Parr, Terence J. and Quong, Russell W.},
  journal={Software: Practice and Experience},
  volume={25},
  number={7},
  pages={789--810},
  year={1995},
  publisher={Wiley Online Library}
}

@article{cc:lemon,
 author = {Owens, Michael},
 title = {Embedding an SQL Database with SQLite},
 journal = {Linux J.},
 issue_date = {June 2003},
 volume = {2003},
 number = {110},
 month = jun,
 year = {2003},
 issn = {1075-3583},
 pages = {2--},
 url = {http://dl.acm.org/citation.cfm?id=774727.774729},
 acmid = {774729},
 publisher = {Belltown Media},
 address = {Houston, TX},
}

@misc{cc:lex,
  title={Lex: A lexical analyzer generator},
  author={Lesk, Michael E and Schmidt, Eric},
  year={1975},
  publisher={Bell Laboratories Murray Hill, NJ}
}

@book{cc:yacc,
  title={Yacc: Yet another compiler-compiler},
  author={Johnson, Stephen C},
  volume={32},
  year={1975},
  publisher={Bell Laboratories Murray Hill, NJ}
}


